<record><leader>00000cas a22000007a 4500</leader><controlfield tag="001">21053567</controlfield><controlfield tag="008">900212u1936uuuumnuen ne      0    0eng d</controlfield><datafield ind1=" " ind2=" " tag="010"><subfield code="a">sn 89064475 </subfield></datafield><datafield ind1=" " ind2=" " tag="040"><subfield code="a">MN#</subfield><subfield code="b">eng</subfield><subfield code="c">MN#</subfield><subfield code="d">IWL</subfield><subfield code="d">OCLCQ</subfield><subfield code="d">OCLCO</subfield></datafield><datafield ind1=" " ind2=" " tag="019"><subfield code="a">58534367</subfield></datafield><datafield ind1="1" ind2=" " tag="029"><subfield code="a">AU@</subfield><subfield code="b">000025857643</subfield></datafield><datafield ind1=" " ind2=" " tag="042"><subfield code="a">msc</subfield></datafield><datafield ind1=" " ind2=" " tag="043"><subfield code="a">n-us-mn</subfield></datafield><datafield ind1=" " ind2=" " tag="052"><subfield code="a">4144</subfield><subfield code="b">S2</subfield></datafield><datafield ind1=" " ind2=" " tag="052"><subfield code="a">4143</subfield><subfield code="b">S6</subfield></datafield><datafield ind1="0" ind2=" " tag="130"><subfield code="a">Centralian (Saint Cloud, Minn.)</subfield></datafield><datafield ind1="1" ind2="4" tag="245"><subfield code="a">The centralian.</subfield></datafield><datafield ind1=" " ind2=" " tag="260"><subfield code="a">St. Cloud, Minn. :</subfield><subfield code="b">Central Junior High School,</subfield><subfield code="c">1936-</subfield></datafield><datafield ind1=" " ind2=" " tag="300"><subfield code="a">v.</subfield></datafield><datafield ind1=" " ind2=" " tag="310"><subfield code="a">Biweekly (during school year),</subfield><subfield code="b">Mar. 6, 1947-</subfield></datafield><datafield ind1=" " ind2=" " tag="321"><subfield code="a">Monthly (during school year),</subfield><subfield code="b">Oct. 26, 1936-May 26, 1937</subfield></datafield><datafield ind1=" " ind2=" " tag="321"><subfield code="a">6 times a year (during school year),</subfield><subfield code="b">Oct. 20, 1937-&lt;Feb. 21, 1941&gt;</subfield></datafield><datafield ind1="0" ind2=" " tag="362"><subfield code="a">Vol. 7, no. 1 (Oct. 26, 1936)-</subfield></datafield><datafield ind1=" " ind2=" " tag="515"><subfield code="a">Publication suspended spring 1941-Mar. 6, 1947, due to war.</subfield></datafield><datafield ind1=" " ind2=" " tag="530"><subfield code="a">Available on microfilm from the Minnesota Historical Society.</subfield></datafield><datafield ind1="2" ind2="0" tag="610"><subfield code="a">Central High School (Evansville, Ind.)</subfield></datafield><datafield ind1=" " ind2="0" tag="650"><subfield code="a">School yearbooks</subfield><subfield code="z">Indiana</subfield><subfield code="z">Evansville.</subfield></datafield><datafield ind1=" " ind2=" " tag="752"><subfield code="a">United States</subfield><subfield code="b">Minnesota</subfield><subfield code="c">Stearns</subfield><subfield code="d">Saint Cloud.</subfield></datafield><datafield ind1="0" ind2="0" tag="780"><subfield code="t">Central J. Hi news</subfield><subfield code="w">(DLC)sn 89064474</subfield></datafield></record>